%YAML 1.1
%TAG !u! tag:unity3d.com,2011:
--- !u!29 &1
OcclusionCullingSettings:
  m_ObjectHideFlags: 0
  serializedVersion: 2
  m_OcclusionBakeSettings:
    smallestOccluder: 5
    smallestHole: 0.25
    backfaceThreshold: 100
  m_SceneGUID: 00000000000000000000000000000000
  m_OcclusionCullingData: {fileID: 0}
--- !u!104 &2
RenderSettings:
  m_ObjectHideFlags: 0
  serializedVersion: 8
  m_Fog: 0
  m_FogColor: {r: 0.5, g: 0.5, b: 0.5, a: 1}
  m_FogMode: 3
  m_FogDensity: 0.01
  m_LinearFogStart: 0
  m_LinearFogEnd: 300
  m_AmbientSkyColor: {r: 0.212, g: 0.227, b: 0.259, a: 1}
  m_AmbientEquatorColor: {r: 0.114, g: 0.125, b: 0.133, a: 1}
  m_AmbientGroundColor: {r: 0.047, g: 0.043, b: 0.035, a: 1}
  m_AmbientIntensity: 1
  m_AmbientMode: 0
  m_SubtractiveShadowColor: {r: 0.42, g: 0.478, b: 0.627, a: 1}
  m_SkyboxMaterial: {fileID: 10304, guid: 0000000000000000f000000000000000, type: 0}
  m_HaloStrength: 0.5
  m_FlareStrength: 1
  m_FlareFadeSpeed: 3
  m_HaloTexture: {fileID: 0}
  m_SpotCookie: {fileID: 10001, guid: 0000000000000000e000000000000000, type: 0}
  m_DefaultReflectionMode: 0
  m_DefaultReflectionResolution: 128
  m_ReflectionBounces: 1
  m_ReflectionIntensity: 1
  m_CustomReflection: {fileID: 0}
  m_Sun: {fileID: 0}
  m_IndirectSpecularColor: {r: 0.44657826, g: 0.49641263, b: 0.57481676, a: 1}
--- !u!157 &3
LightmapSettings:
  m_ObjectHideFlags: 0
  serializedVersion: 11
  m_GIWorkflowMode: 0
  m_GISettings:
    serializedVersion: 2
    m_BounceScale: 1
    m_IndirectOutputScale: 1
    m_AlbedoBoost: 1
    m_TemporalCoherenceThreshold: 1
    m_EnvironmentLightingMode: 0
    m_EnableBakedLightmaps: 1
    m_EnableRealtimeLightmaps: 1
  m_LightmapEditorSettings:
    serializedVersion: 9
    m_Resolution: 2
    m_BakeResolution: 40
    m_TextureWidth: 1024
    m_TextureHeight: 1024
    m_AO: 0
    m_AOMaxDistance: 1
    m_CompAOExponent: 1
    m_CompAOExponentDirect: 0
    m_Padding: 2
    m_LightmapParameters: {fileID: 0}
    m_LightmapsBakeMode: 1
    m_TextureCompression: 1
    m_FinalGather: 0
    m_FinalGatherFiltering: 1
    m_FinalGatherRayCount: 256
    m_ReflectionCompression: 2
    m_MixedBakeMode: 2
    m_BakeBackend: 0
    m_PVRSampling: 1
    m_PVRDirectSampleCount: 32
    m_PVRSampleCount: 500
    m_PVRBounces: 2
    m_PVRFilterTypeDirect: 0
    m_PVRFilterTypeIndirect: 0
    m_PVRFilterTypeAO: 0
    m_PVRFilteringMode: 1
    m_PVRCulling: 1
    m_PVRFilteringGaussRadiusDirect: 1
    m_PVRFilteringGaussRadiusIndirect: 5
    m_PVRFilteringGaussRadiusAO: 2
    m_PVRFilteringAtrousPositionSigmaDirect: 0.5
    m_PVRFilteringAtrousPositionSigmaIndirect: 2
    m_PVRFilteringAtrousPositionSigmaAO: 1
  m_LightingDataAsset: {fileID: 0}
  m_UseShadowmask: 1
--- !u!196 &4
NavMeshSettings:
  serializedVersion: 2
  m_ObjectHideFlags: 0
  m_BuildSettings:
    serializedVersion: 2
    agentTypeID: 0
    agentRadius: 0.5
    agentHeight: 2
    agentSlope: 45
    agentClimb: 0.4
    ledgeDropHeight: 0
    maxJumpAcrossDistance: 0
    minRegionArea: 2
    manualCellSize: 0
    cellSize: 0.16666667
    manualTileSize: 0
    tileSize: 256
    accuratePlacement: 0
    debug:
      m_Flags: 0
  m_NavMeshData: {fileID: 0}
--- !u!1001 &206183648
Prefab:
  m_ObjectHideFlags: 0
  serializedVersion: 2
  m_Modification:
    m_TransformParent: {fileID: 0}
    m_Modifications:
    - target: {fileID: 4133245913694518, guid: 0e84f034b88859341ad7a9fb6491c05a, type: 2}
      propertyPath: m_LocalPosition.x
      value: -7.516205
      objectReference: {fileID: 0}
    - target: {fileID: 4133245913694518, guid: 0e84f034b88859341ad7a9fb6491c05a, type: 2}
      propertyPath: m_LocalPosition.y
      value: 7.1437225
      objectReference: {fileID: 0}
    - target: {fileID: 4133245913694518, guid: 0e84f034b88859341ad7a9fb6491c05a, type: 2}
      propertyPath: m_LocalPosition.z
      value: 5.2465925
      objectReference: {fileID: 0}
    - target: {fileID: 4133245913694518, guid: 0e84f034b88859341ad7a9fb6491c05a, type: 2}
      propertyPath: m_LocalRotation.x
      value: 0
      objectReference: {fileID: 0}
    - target: {fileID: 4133245913694518, guid: 0e84f034b88859341ad7a9fb6491c05a, type: 2}
      propertyPath: m_LocalRotation.y
      value: 0
      objectReference: {fileID: 0}
    - target: {fileID: 4133245913694518, guid: 0e84f034b88859341ad7a9fb6491c05a, type: 2}
      propertyPath: m_LocalRotation.z
      value: 0
      objectReference: {fileID: 0}
    - target: {fileID: 4133245913694518, guid: 0e84f034b88859341ad7a9fb6491c05a, type: 2}
      propertyPath: m_LocalRotation.w
      value: 1
      objectReference: {fileID: 0}
    - target: {fileID: 4133245913694518, guid: 0e84f034b88859341ad7a9fb6491c05a, type: 2}
      propertyPath: m_RootOrder
      value: 3
      objectReference: {fileID: 0}
    m_RemovedComponents: []
  m_ParentPrefab: {fileID: 100100000, guid: 0e84f034b88859341ad7a9fb6491c05a, type: 2}
  m_IsPrefabParent: 0
--- !u!1001 &332050111
Prefab:
  m_ObjectHideFlags: 0
  serializedVersion: 2
  m_Modification:
    m_TransformParent: {fileID: 0}
    m_Modifications:
    - target: {fileID: 4641156350836010, guid: f416a767e5c4a704e8e19f538524b5d3, type: 2}
      propertyPath: m_LocalPosition.x
      value: 0.48209462
      objectReference: {fileID: 0}
    - target: {fileID: 4641156350836010, guid: f416a767e5c4a704e8e19f538524b5d3, type: 2}
      propertyPath: m_LocalPosition.y
      value: 10.514306
      objectReference: {fileID: 0}
    - target: {fileID: 4641156350836010, guid: f416a767e5c4a704e8e19f538524b5d3, type: 2}
      propertyPath: m_LocalPosition.z
      value: -8.395962
      objectReference: {fileID: 0}
    - target: {fileID: 4641156350836010, guid: f416a767e5c4a704e8e19f538524b5d3, type: 2}
      propertyPath: m_LocalRotation.x
      value: 0
      objectReference: {fileID: 0}
    - target: {fileID: 4641156350836010, guid: f416a767e5c4a704e8e19f538524b5d3, type: 2}
      propertyPath: m_LocalRotation.y
      value: 0
      objectReference: {fileID: 0}
    - target: {fileID: 4641156350836010, guid: f416a767e5c4a704e8e19f538524b5d3, type: 2}
      propertyPath: m_LocalRotation.z
      value: 0
      objectReference: {fileID: 0}
    - target: {fileID: 4641156350836010, guid: f416a767e5c4a704e8e19f538524b5d3, type: 2}
      propertyPath: m_LocalRotation.w
      value: 1
      objectReference: {fileID: 0}
    - target: {fileID: 4641156350836010, guid: f416a767e5c4a704e8e19f538524b5d3, type: 2}
      propertyPath: m_RootOrder
      value: 9
      objectReference: {fileID: 0}
    m_RemovedComponents: []
  m_ParentPrefab: {fileID: 100100000, guid: f416a767e5c4a704e8e19f538524b5d3, type: 2}
  m_IsPrefabParent: 0
--- !u!1001 &466246956
Prefab:
  m_ObjectHideFlags: 0
  serializedVersion: 2
  m_Modification:
    m_TransformParent: {fileID: 0}
    m_Modifications:
    - target: {fileID: 4360770517943608, guid: 77b74a6e1cf45c24db6f753660f3f26a, type: 2}
      propertyPath: m_LocalPosition.x
      value: -4.31
      objectReference: {fileID: 0}
    - target: {fileID: 4360770517943608, guid: 77b74a6e1cf45c24db6f753660f3f26a, type: 2}
      propertyPath: m_LocalPosition.y
      value: 2.749445
      objectReference: {fileID: 0}
    - target: {fileID: 4360770517943608, guid: 77b74a6e1cf45c24db6f753660f3f26a, type: 2}
      propertyPath: m_LocalPosition.z
      value: 0.18
      objectReference: {fileID: 0}
    - target: {fileID: 4360770517943608, guid: 77b74a6e1cf45c24db6f753660f3f26a, type: 2}
      propertyPath: m_LocalRotation.x
      value: 0
      objectReference: {fileID: 0}
    - target: {fileID: 4360770517943608, guid: 77b74a6e1cf45c24db6f753660f3f26a, type: 2}
      propertyPath: m_LocalRotation.y
      value: 0
      objectReference: {fileID: 0}
    - target: {fileID: 4360770517943608, guid: 77b74a6e1cf45c24db6f753660f3f26a, type: 2}
      propertyPath: m_LocalRotation.z
      value: 0
      objectReference: {fileID: 0}
    - target: {fileID: 4360770517943608, guid: 77b74a6e1cf45c24db6f753660f3f26a, type: 2}
      propertyPath: m_LocalRotation.w
      value: 1
      objectReference: {fileID: 0}
    - target: {fileID: 4360770517943608, guid: 77b74a6e1cf45c24db6f753660f3f26a, type: 2}
      propertyPath: m_RootOrder
      value: 5
      objectReference: {fileID: 0}
    - target: {fileID: 114265859383154120, guid: 77b74a6e1cf45c24db6f753660f3f26a,
        type: 2}
      propertyPath: objPlayer
      value: 
      objectReference: {fileID: 1662572411}
    m_RemovedComponents: []
  m_ParentPrefab: {fileID: 100100000, guid: 77b74a6e1cf45c24db6f753660f3f26a, type: 2}
  m_IsPrefabParent: 0
--- !u!1 &859551106
GameObject:
  m_ObjectHideFlags: 0
  m_PrefabParentObject: {fileID: 0}
  m_PrefabInternal: {fileID: 0}
  serializedVersion: 5
  m_Component:
  - component: {fileID: 859551108}
  - component: {fileID: 859551107}
  m_Layer: 0
  m_Name: Directional Light
  m_TagString: Untagged
  m_Icon: {fileID: 0}
  m_NavMeshLayer: 0
  m_StaticEditorFlags: 0
  m_IsActive: 1
--- !u!108 &859551107
Light:
  m_ObjectHideFlags: 0
  m_PrefabParentObject: {fileID: 0}
  m_PrefabInternal: {fileID: 0}
  m_GameObject: {fileID: 859551106}
  m_Enabled: 1
  serializedVersion: 8
  m_Type: 1
  m_Color: {r: 1, g: 0.95686275, b: 0.8392157, a: 1}
  m_Intensity: 1
  m_Range: 10
  m_SpotAngle: 30
  m_CookieSize: 10
  m_Shadows:
    m_Type: 2
    m_Resolution: -1
    m_CustomResolution: -1
    m_Strength: 1
    m_Bias: 0.05
    m_NormalBias: 0.4
    m_NearPlane: 0.2
  m_Cookie: {fileID: 0}
  m_DrawHalo: 0
  m_Flare: {fileID: 0}
  m_RenderMode: 0
  m_CullingMask:
    serializedVersion: 2
    m_Bits: 4294967295
  m_Lightmapping: 4
  m_AreaSize: {x: 1, y: 1}
  m_BounceIntensity: 1
  m_ColorTemperature: 6570
  m_UseColorTemperature: 0
  m_ShadowRadius: 0
  m_ShadowAngle: 0
--- !u!4 &859551108
Transform:
  m_ObjectHideFlags: 0
  m_PrefabParentObject: {fileID: 0}
  m_PrefabInternal: {fileID: 0}
  m_GameObject: {fileID: 859551106}
  m_LocalRotation: {x: 0.40821788, y: -0.23456968, z: 0.10938163, w: 0.8754261}
  m_LocalPosition: {x: 0, y: 3, z: 0}
  m_LocalScale: {x: 1, y: 1, z: 1}
  m_Children: []
  m_Father: {fileID: 0}
  m_RootOrder: 0
  m_LocalEulerAnglesHint: {x: 50, y: -30, z: 0}
--- !u!1001 &1010456112
Prefab:
  m_ObjectHideFlags: 0
  serializedVersion: 2
  m_Modification:
    m_TransformParent: {fileID: 0}
    m_Modifications:
    - target: {fileID: 4149562877651018, guid: 39cabf7c76c7d0e408e31c8be2778bdc, type: 2}
      propertyPath: m_LocalPosition.x
      value: 4.82
      objectReference: {fileID: 0}
    - target: {fileID: 4149562877651018, guid: 39cabf7c76c7d0e408e31c8be2778bdc, type: 2}
      propertyPath: m_LocalPosition.y
      value: 2.749445
      objectReference: {fileID: 0}
    - target: {fileID: 4149562877651018, guid: 39cabf7c76c7d0e408e31c8be2778bdc, type: 2}
      propertyPath: m_LocalPosition.z
      value: 0.18
      objectReference: {fileID: 0}
    - target: {fileID: 4149562877651018, guid: 39cabf7c76c7d0e408e31c8be2778bdc, type: 2}
      propertyPath: m_LocalRotation.x
      value: 0
      objectReference: {fileID: 0}
    - target: {fileID: 4149562877651018, guid: 39cabf7c76c7d0e408e31c8be2778bdc, type: 2}
      propertyPath: m_LocalRotation.y
      value: 0
      objectReference: {fileID: 0}
    - target: {fileID: 4149562877651018, guid: 39cabf7c76c7d0e408e31c8be2778bdc, type: 2}
      propertyPath: m_LocalRotation.z
      value: 0
      objectReference: {fileID: 0}
    - target: {fileID: 4149562877651018, guid: 39cabf7c76c7d0e408e31c8be2778bdc, type: 2}
      propertyPath: m_LocalRotation.w
      value: 1
      objectReference: {fileID: 0}
    - target: {fileID: 4149562877651018, guid: 39cabf7c76c7d0e408e31c8be2778bdc, type: 2}
      propertyPath: m_RootOrder
      value: 8
      objectReference: {fileID: 0}
    - target: {fileID: 114581452368396352, guid: 39cabf7c76c7d0e408e31c8be2778bdc,
        type: 2}
      propertyPath: objPlayer
      value: 
      objectReference: {fileID: 1662572411}
    m_RemovedComponents: []
  m_ParentPrefab: {fileID: 100100000, guid: 39cabf7c76c7d0e408e31c8be2778bdc, type: 2}
  m_IsPrefabParent: 0
--- !u!1001 &1521795071
Prefab:
  m_ObjectHideFlags: 0
  serializedVersion: 2
  m_Modification:
    m_TransformParent: {fileID: 0}
    m_Modifications:
    - target: {fileID: 4342882321850012, guid: b6448091f7c631b4a8d81459fb7843f6, type: 2}
      propertyPath: m_LocalPosition.x
      value: 0
      objectReference: {fileID: 0}
    - target: {fileID: 4342882321850012, guid: b6448091f7c631b4a8d81459fb7843f6, type: 2}
      propertyPath: m_LocalPosition.y
      value: 10.33
      objectReference: {fileID: 0}
    - target: {fileID: 4342882321850012, guid: b6448091f7c631b4a8d81459fb7843f6, type: 2}
      propertyPath: m_LocalPosition.z
      value: -8.71
      objectReference: {fileID: 0}
    - target: {fileID: 4342882321850012, guid: b6448091f7c631b4a8d81459fb7843f6, type: 2}
      propertyPath: m_LocalRotation.x
      value: 0
      objectReference: {fileID: 0}
    - target: {fileID: 4342882321850012, guid: b6448091f7c631b4a8d81459fb7843f6, type: 2}
      propertyPath: m_LocalRotation.y
      value: 0
      objectReference: {fileID: 0}
    - target: {fileID: 4342882321850012, guid: b6448091f7c631b4a8d81459fb7843f6, type: 2}
      propertyPath: m_LocalRotation.z
      value: 0
      objectReference: {fileID: 0}
    - target: {fileID: 4342882321850012, guid: b6448091f7c631b4a8d81459fb7843f6, type: 2}
      propertyPath: m_LocalRotation.w
      value: 1
      objectReference: {fileID: 0}
    - target: {fileID: 4342882321850012, guid: b6448091f7c631b4a8d81459fb7843f6, type: 2}
      propertyPath: m_RootOrder
      value: 1
      objectReference: {fileID: 0}
    m_RemovedComponents: []
  m_ParentPrefab: {fileID: 100100000, guid: b6448091f7c631b4a8d81459fb7843f6, type: 2}
  m_IsPrefabParent: 0
--- !u!1 &1588563600 stripped
GameObject:
  m_PrefabParentObject: {fileID: 1360593536439368, guid: 77b74a6e1cf45c24db6f753660f3f26a,
    type: 2}
  m_PrefabInternal: {fileID: 466246956}
--- !u!4 &1662572411 stripped
Transform:
  m_PrefabParentObject: {fileID: 4867689335392312, guid: b6448091f7c631b4a8d81459fb7843f6,
    type: 2}
  m_PrefabInternal: {fileID: 1521795071}
--- !u!1 &1813821276 stripped
GameObject:
  m_PrefabParentObject: {fileID: 1406894786446878, guid: 39cabf7c76c7d0e408e31c8be2778bdc,
    type: 2}
  m_PrefabInternal: {fileID: 1010456112}
--- !u!1 &1926298164
GameObject:
  m_ObjectHideFlags: 0
  m_PrefabParentObject: {fileID: 0}
  m_PrefabInternal: {fileID: 0}
  serializedVersion: 5
  m_Component:
  - component: {fileID: 1926298168}
  - component: {fileID: 1926298167}
  - component: {fileID: 1926298166}
  - component: {fileID: 1926298165}
  m_Layer: 0
  m_Name: Cube
  m_TagString: Untagged
  m_Icon: {fileID: 0}
  m_NavMeshLayer: 0
  m_StaticEditorFlags: 0
  m_IsActive: 1
--- !u!23 &1926298165
MeshRenderer:
  m_ObjectHideFlags: 0
  m_PrefabParentObject: {fileID: 0}
  m_PrefabInternal: {fileID: 0}
  m_GameObject: {fileID: 1926298164}
  m_Enabled: 1
  m_CastShadows: 1
  m_ReceiveShadows: 1
  m_DynamicOccludee: 1
  m_MotionVectors: 1
  m_LightProbeUsage: 1
  m_ReflectionProbeUsage: 1
  m_Materials:
  - {fileID: 10303, guid: 0000000000000000f000000000000000, type: 0}
  m_StaticBatchInfo:
    firstSubMesh: 0
    subMeshCount: 0
  m_StaticBatchRoot: {fileID: 0}
  m_ProbeAnchor: {fileID: 0}
  m_LightProbeVolumeOverride: {fileID: 0}
  m_ScaleInLightmap: 1
  m_PreserveUVs: 1
  m_IgnoreNormalsForChartDetection: 0
  m_ImportantGI: 0
  m_StitchLightmapSeams: 0
  m_SelectedEditorRenderState: 3
  m_MinimumChartSize: 4
  m_AutoUVMaxDistance: 0.5
  m_AutoUVMaxAngle: 89
  m_LightmapParameters: {fileID: 0}
  m_SortingLayerID: 0
  m_SortingLayer: 0
  m_SortingOrder: 0
--- !u!65 &1926298166
BoxCollider:
  m_ObjectHideFlags: 0
  m_PrefabParentObject: {fileID: 0}
  m_PrefabInternal: {fileID: 0}
  m_GameObject: {fileID: 1926298164}
  m_Material: {fileID: 0}
  m_IsTrigger: 0
  m_Enabled: 1
  serializedVersion: 2
  m_Size: {x: 1, y: 1, z: 1}
  m_Center: {x: 0, y: 0, z: 0}
--- !u!33 &1926298167
MeshFilter:
  m_ObjectHideFlags: 0
  m_PrefabParentObject: {fileID: 0}
  m_PrefabInternal: {fileID: 0}
  m_GameObject: {fileID: 1926298164}
  m_Mesh: {fileID: 10202, guid: 0000000000000000e000000000000000, type: 0}
--- !u!4 &1926298168
Transform:
  m_ObjectHideFlags: 0
  m_PrefabParentObject: {fileID: 0}
  m_PrefabInternal: {fileID: 0}
  m_GameObject: {fileID: 1926298164}
  m_LocalRotation: {x: 0, y: 0, z: 0, w: 1}
  m_LocalPosition: {x: 0, y: 0, z: 0}
  m_LocalScale: {x: 16.13507, y: 1, z: 25.047543}
  m_Children: []
  m_Father: {fileID: 0}
  m_RootOrder: 4
  m_LocalEulerAnglesHint: {x: 0, y: 0, z: 0}
--- !u!1 &2055270767
GameObject:
  m_ObjectHideFlags: 0
  m_PrefabParentObject: {fileID: 0}
  m_PrefabInternal: {fileID: 0}
  serializedVersion: 5
  m_Component:
  - component: {fileID: 2055270771}
  - component: {fileID: 2055270770}
  - component: {fileID: 2055270769}
  - component: {fileID: 2055270768}
  m_Layer: 0
  m_Name: Cube (3)
  m_TagString: Untagged
  m_Icon: {fileID: 0}
  m_NavMeshLayer: 0
  m_StaticEditorFlags: 0
  m_IsActive: 1
--- !u!23 &2055270768
MeshRenderer:
  m_ObjectHideFlags: 0
  m_PrefabParentObject: {fileID: 0}
  m_PrefabInternal: {fileID: 0}
  m_GameObject: {fileID: 2055270767}
  m_Enabled: 1
  m_CastShadows: 1
  m_ReceiveShadows: 1
  m_DynamicOccludee: 1
  m_MotionVectors: 1
  m_LightProbeUsage: 1
  m_ReflectionProbeUsage: 1
  m_Materials:
  - {fileID: 10303, guid: 0000000000000000f000000000000000, type: 0}
  m_StaticBatchInfo:
    firstSubMesh: 0
    subMeshCount: 0
  m_StaticBatchRoot: {fileID: 0}
  m_ProbeAnchor: {fileID: 0}
  m_LightProbeVolumeOverride: {fileID: 0}
  m_ScaleInLightmap: 1
  m_PreserveUVs: 1
  m_IgnoreNormalsForChartDetection: 0
  m_ImportantGI: 0
  m_StitchLightmapSeams: 0
  m_SelectedEditorRenderState: 3
  m_MinimumChartSize: 4
  m_AutoUVMaxDistance: 0.5
  m_AutoUVMaxAngle: 89
  m_LightmapParameters: {fileID: 0}
  m_SortingLayerID: 0
  m_SortingLayer: 0
  m_SortingOrder: 0
--- !u!65 &2055270769
BoxCollider:
  m_ObjectHideFlags: 0
  m_PrefabParentObject: {fileID: 0}
  m_PrefabInternal: {fileID: 0}
  m_GameObject: {fileID: 2055270767}
  m_Material: {fileID: 0}
  m_IsTrigger: 0
  m_Enabled: 1
  serializedVersion: 2
  m_Size: {x: 1, y: 1, z: 1}
  m_Center: {x: 0, y: 0, z: 0}
--- !u!33 &2055270770
MeshFilter:
  m_ObjectHideFlags: 0
  m_PrefabParentObject: {fileID: 0}
  m_PrefabInternal: {fileID: 0}
  m_GameObject: {fileID: 2055270767}
  m_Mesh: {fileID: 10202, guid: 0000000000000000e000000000000000, type: 0}
--- !u!4 &2055270771
Transform:
  m_ObjectHideFlags: 0
  m_PrefabParentObject: {fileID: 0}
  m_PrefabInternal: {fileID: 0}
  m_GameObject: {fileID: 2055270767}
  m_LocalRotation: {x: 0, y: 0, z: 0, w: 1}
  m_LocalPosition: {x: 0, y: 4.524, z: 11.37}
  m_LocalScale: {x: 16.135078, y: 10.047768, z: 2.3135407}
  m_Children: []
  m_Father: {fileID: 0}
  m_RootOrder: 6
  m_LocalEulerAnglesHint: {x: 0, y: 0, z: 0}
--- !u!1001 &2087907185
Prefab:
  m_ObjectHideFlags: 0
  serializedVersion: 2
  m_Modification:
    m_TransformParent: {fileID: 0}
    m_Modifications:
    - target: {fileID: 4873387508315714, guid: 4388d6bf4ffa7cc4cade02b35459c476, type: 2}
      propertyPath: m_LocalPosition.x
      value: 0
      objectReference: {fileID: 0}
    - target: {fileID: 4873387508315714, guid: 4388d6bf4ffa7cc4cade02b35459c476, type: 2}
      propertyPath: m_LocalPosition.y
      value: 4.14
      objectReference: {fileID: 0}
    - target: {fileID: 4873387508315714, guid: 4388d6bf4ffa7cc4cade02b35459c476, type: 2}
      propertyPath: m_LocalPosition.z
      value: 10.27
      objectReference: {fileID: 0}
    - target: {fileID: 4873387508315714, guid: 4388d6bf4ffa7cc4cade02b35459c476, type: 2}
      propertyPath: m_LocalRotation.x
      value: 0
      objectReference: {fileID: 0}
    - target: {fileID: 4873387508315714, guid: 4388d6bf4ffa7cc4cade02b35459c476, type: 2}
      propertyPath: m_LocalRotation.y
      value: 0
      objectReference: {fileID: 0}
    - target: {fileID: 4873387508315714, guid: 4388d6bf4ffa7cc4cade02b35459c476, type: 2}
      propertyPath: m_LocalRotation.z
      value: 0
      objectReference: {fileID: 0}
    - target: {fileID: 4873387508315714, guid: 4388d6bf4ffa7cc4cade02b35459c476, type: 2}
      propertyPath: m_LocalRotation.w
      value: 1
      objectReference: {fileID: 0}
    - target: {fileID: 4873387508315714, guid: 4388d6bf4ffa7cc4cade02b35459c476, type: 2}
      propertyPath: m_RootOrder
      value: 7
      objectReference: {fileID: 0}
    - target: {fileID: 114534466433099342, guid: 4388d6bf4ffa7cc4cade02b35459c476,
        type: 2}
      propertyPath: items.Array.data[0]
      value: 
      objectReference: {fileID: 1588563600}
    - target: {fileID: 114534466433099342, guid: 4388d6bf4ffa7cc4cade02b35459c476,
        type: 2}
      propertyPath: items.Array.data[1]
      value: 
      objectReference: {fileID: 1813821276}
    m_RemovedComponents: []
  m_ParentPrefab: {fileID: 100100000, guid: 4388d6bf4ffa7cc4cade02b35459c476, type: 2}
  m_IsPrefabParent: 0
--- !u!1001 &2105854092
Prefab:
  m_ObjectHideFlags: 0
  serializedVersion: 2
  m_Modification:
    m_TransformParent: {fileID: 0}
    m_Modifications:
    - target: {fileID: 4193875940344758, guid: 60e3aabd984a49d40af9df1ae81848f6, type: 2}
      propertyPath: m_LocalPosition.x
      value: -10.470376
      objectReference: {fileID: 0}
    - target: {fileID: 4193875940344758, guid: 60e3aabd984a49d40af9df1ae81848f6, type: 2}
      propertyPath: m_LocalPosition.y
      value: 11.216373
      objectReference: {fileID: 0}
    - target: {fileID: 4193875940344758, guid: 60e3aabd984a49d40af9df1ae81848f6, type: 2}
      propertyPath: m_LocalPosition.z
      value: -9.403931
      objectReference: {fileID: 0}
    - target: {fileID: 4193875940344758, guid: 60e3aabd984a49d40af9df1ae81848f6, type: 2}
      propertyPath: m_LocalRotation.x
      value: 0
      objectReference: {fileID: 0}
    - target: {fileID: 4193875940344758, guid: 60e3aabd984a49d40af9df1ae81848f6, type: 2}
      propertyPath: m_LocalRotation.y
      value: 0
      objectReference: {fileID: 0}
    - target: {fileID: 4193875940344758, guid: 60e3aabd984a49d40af9df1ae81848f6, type: 2}
      propertyPath: m_LocalRotation.z
      value: 0
      objectReference: {fileID: 0}
    - target: {fileID: 4193875940344758, guid: 60e3aabd984a49d40af9df1ae81848f6, type: 2}
      propertyPath: m_LocalRotation.w
      value: 1
      objectReference: {fileID: 0}
    - target: {fileID: 4193875940344758, guid: 60e3aabd984a49d40af9df1ae81848f6, type: 2}
      propertyPath: m_RootOrder
      value: 2
      objectReference: {fileID: 0}
    m_RemovedComponents: []
  m_ParentPrefab: {fileID: 100100000, guid: 60e3aabd984a49d40af9df1ae81848f6, type: 2}
  m_IsPrefabParent: 0
